<record><leader>00000cas a22000007a 4500</leader><controlfield tag="001">36380137</controlfield><controlfield tag="008">970213d197119uumiuwr ne      0    0eng d</controlfield><datafield ind1=" " ind2=" " tag="010"><subfield code="a">sn 97066513 </subfield></datafield><datafield ind1=" " ind2=" " tag="040"><subfield code="a">NVK</subfield><subfield code="b">eng</subfield><subfield code="c">NVK</subfield><subfield code="d">OCLCQ</subfield><subfield code="d">OCLCF</subfield><subfield code="d">OCLCO</subfield></datafield><datafield ind1="1" ind2=" " tag="029"><subfield code="a">AU@</subfield><subfield code="b">000013092899</subfield></datafield><datafield ind1=" " ind2=" " tag="042"><subfield code="a">msc</subfield></datafield><datafield ind1=" " ind2=" " tag="043"><subfield code="a">n-us-mi</subfield></datafield><datafield ind1="0" ind2="0" tag="245"><subfield code="a">Dearborn ledger.</subfield></datafield><datafield ind1="3" ind2=" " tag="246"><subfield code="a">Colorful Dearborn ledger</subfield></datafield><datafield ind1=" " ind2=" " tag="260"><subfield code="a">Dearborn Heights, Mich. :</subfield><subfield code="b">Leader Publications</subfield></datafield><datafield ind1=" " ind2=" " tag="300"><subfield code="a">v.</subfield></datafield><datafield ind1=" " ind2=" " tag="310"><subfield code="a">Weekly</subfield></datafield><datafield ind1="1" ind2=" " tag="362"><subfield code="a">Began in 1971.</subfield></datafield><datafield ind1=" " ind2=" " tag="588"><subfield code="a">Description based on: Vol. 1, no. 44 (Mar. 16, 1972).</subfield></datafield><datafield ind1=" " ind2="0" tag="651"><subfield code="a">Dearborn Heights (Mich.)</subfield><subfield code="v">Newspapers.</subfield></datafield><datafield ind1=" " ind2="7" tag="655"><subfield code="a">Newspapers.</subfield><subfield code="2">fast</subfield><subfield code="0">(OCoLC)fst01423814</subfield></datafield><datafield ind1=" " ind2="7" tag="651"><subfield code="a">Michigan</subfield><subfield code="z">Dearborn Heights.</subfield><subfield code="2">fast</subfield><subfield code="0">(OCoLC)fst01211947</subfield></datafield><datafield ind1=" " ind2=" " tag="752"><subfield code="a">United States</subfield><subfield code="b">Michigan</subfield><subfield code="c">Wayne</subfield><subfield code="d">Dearborn Heights.</subfield></datafield><datafield ind1="1" ind2=" " tag="777"><subfield code="t">Dearborn Heights leader</subfield><subfield code="w">(DLC)sn 97066509</subfield></datafield></record>